@inproceedings{1,
  title={Mechanisms of polymorphic and metamorphic viruses},
  author={Li, Xufang and Loh, Peter KK and Tan, Freddy},
  booktitle={2011 European intelligence and security informatics conference},
  pages={149--154},
  year={2011},
  organization={IEEE}
}

@inproceedings{2,
  title={On the anatomy of the dynamic behavior of polymorphic viruses},
  author={Cabrera, Armando and Calix, Ricardo A},
  booktitle={2016 international conference on collaboration technologies and systems (CTS)},
  pages={424--429},
  year={2016},
  organization={IEEE}
}

@article{3,
  title={Metamorphic virus: Analysis and detection},
  author={Konstantinou, Evgenios and Wolthusen, Stefen},
  journal={Royal Holloway University of London},
  volume={15},
  pages={15},
  year={2008}
}